<?xml version="1.0" encoding="UTF-8"?><collection xmlns="http://www.loc.gov/MARC21/slim"><record><leader>00579nam--2200181-i-4500</leader><controlfield tag="001">000034443</controlfield><controlfield tag="002">20161230</controlfield><controlfield tag="005">20161230201040</controlfield><controlfield tag="008">060222s1000------------r-----000-0-eng-d</controlfield><datafield ind1=" " ind2=" " tag="020"><subfield code="a">9971966727</subfield></datafield><datafield ind1=" " ind2=" " tag="040"><subfield code="a">IFIN-HH</subfield></datafield><datafield ind1=" " ind2=" " tag="080"><subfield code="a">530.182(061.3)</subfield></datafield><datafield ind1="1" ind2=" " tag="100"><subfield code="a">Borissov, M</subfield></datafield><datafield ind1="1" ind2="0" tag="245"><subfield code="a">Nonlinear phenomena in solids-modern topics. varna 21-29 sept.1984</subfield><subfield code="b">Proceedings of the 3rd international school on condensed matter physics</subfield><subfield code="c">M. borissov (ed.)</subfield></datafield><datafield ind1=" " ind2=" " tag="260"><subfield code="a">Singapore</subfield><subfield code="b">World Scientific</subfield><subfield code="c">1985</subfield></datafield><datafield ind1=" " ind2=" " tag="300"><subfield code="a">VIII + 474P</subfield></datafield><datafield ind1=" " ind2=" " tag="852"><subfield code="a">79177</subfield><subfield code="c">539.2</subfield></datafield><datafield ind1=" " ind2=" " tag="CAT"><subfield code="a">Sys</subfield><subfield code="c">20121108</subfield><subfield code="h">152536</subfield></datafield></record></collection>